
@article{gebru_datasheets_2021,
	title = {Datasheets for {Datasets}},
	volume = {64},
	issn = {0001-0782, 1557-7317},
	url = {https://dl.acm.org/doi/10.1145/3458723},
	doi = {10.1145/3458723},
	number = {12},
	journal = {Communications of the ACM},
	author = {Gebru, Timnit and Morgenstern, Jamie and Vecchione, Briana and Vaughan, Jennifer Wortman and Wallach, Hanna and Iii, Hal Daumé and Crawford, Kate},
	year = {2021},
}

@article{krause_data_2017,
	title = {Data {Biographies}: {Getting} to {Know} {Your} {Data}},
	url = {https://gijn.org/stories/data-biographies-getting-to-know-your-data/},
	language = {en\_US},
	journal = {Global Investigative Journalism Network},
	author = {Krause, Heather},
	month = mar,
	year = {2017},
}

@misc{noauthor_home_nodate,
	title = {Home – {Responsible} {Datasets} in {Context}},
	url = {https://www.responsible-datasets-in-context.com/},
	urldate = {2025-03-04},
	file = {Home – Responsible Datasets in Context:/Users/ngupta1/Zotero/storage/LQNTGARJ/www.responsible-datasets-in-context.com.html:text/html},
}
