@article{chihuahuapost_article_2024,
  title = {Asesinatos de mujeres en Juárez},
  author = {Chihuahua Post},
  year = {2022},
  month = {may},
  url = {https://www.chihuahuapost.com/nota.php?id=69140},
  journal = {Chihuahua Post}
}

@article{hyperallergic_art_from_2014,
  title = {Art from Anger: Portraits of Ciudad Juarez’s Lost Women},
  author = {Mallonee, Laura C.},
  year = {2014},
  month = {may},
  url = {https://hyperallergic.com/126828/art-from-anger-portraits-of-ciudad-juarezs-lost-women/},
  journal = {Hyperallergic}
}

@article{beltran_castillo_averiguacion_2020,
  title = {Averiguación previa},
  author = {Beltrán Castillo, Soledad},
  year = {2021},
  url = {https://1library.co/article/beltran-castillo-soledad-averiguacion-previa.zk1jm74q},
  journal = {1Library}
}

@article{cronicasdeleste_casos_2024,
  title = {Casos sin resolver: Las muertas de Juárez},
  author = {Crónicas del Este},
  url = {https://cronicasdeleste.com.uy/Noticias/casos-sin-resolver-las-muertas-de-ju%C3%A1rez/},
  journal = {Crónicas del Este}
}

@article{juarezenlasombra_el_2012,
  title = {El doble dolor de María Leti, hermana de la asesinada},
  author = {Juárez en la Sombra},
  year = {2012},
  month = {Nov},
  day = {20},
  url = {https://juarezenlasombra.blogspot.com/2012/11/el-doble-dolor-de-maria-leti-hermana-deHtml},
  journal = {Juárez en la Sombra}
}

@article{lajornada_el_2002,
  title = {El feminicidio, una realidad que lastima profundamente},
  author = {La Jornada},
  year = {2002},
  month = {Nov},
  day = {4},
  url = {https://www.jornada.com.mx/2002/11/04/articulos/51_juarez.htm},
  journal = {La Jornada}
}

@article{sinembargo_fiscalia_2023,
  title = {Fiscalía mexiquense se compromete a investigar feminicidio de Mariana},
  author = {Barragán, Daniella and Velázquez, Perla},
  year = {2023},
  month = {Aug},
  day = {25},
  url = {https://www.sinembargo.mx/25-08-2023/4401184},
  journal = {Sin Embargo}
}

@article{almargen_homicidios_2024,
  title = {Homicidios de mujeres en Ciudad Juárez: Nombres, rostros y móvil de los asesinos},
  author = {Al Margen},
  url = {https://almargen.mx/homicidios-de-mujeres-en-ciudad-juarez-nombres-rostros-y-movil-de-los-asesinos/},
  journal = {Al Margen}
}

@article{sociologica_impunidad_2024,
  title = {La impunidad y el feminicidio en México},
  author = {Ravelo Blancas, Patricia},
  year = {2016},
  month = {oct},
  day = {4},
  url = {http://www.sociologicamexico.azc.uam.mx/index.php/Sociologica/article/view/1296/1276#toc},
  journal = {Sociológica}
}

@article{milenio_mas_2024,
  title = {Más de tres lustros buscando justicia para Lilia Alejandra},
  author = {Zamora Mendieta, Hazel},
  year = {2018},
  month = {mar},
  day = {11},
  url = {https://www.milenio.com/policia/mas-de-tres-lustros-buscando-justicia-para-lilia-alejandra},
  journal = {Milenio}
}

@article{nbcnews_mexico_2007,
  title = {Mexico: Wave of Women’s Murders Continues in Ciudad Juárez},
  author = {Roig-Franzia, Manuel},
  year = {2007},
  month = {May},
  day = {2},
  url = {https://www.nbcnews.com/id/wbna18646148},
  journal = {NBC News}
}

@article{eldiario_fem_2021,
  title = {Ofrecerá la FEM disculpa pública por caso de Sonia Ivette},
  author = {Martínez, Federico},
  year = {2021},
  month = {Aug},
  day = {6},
  url = {https://www.eldiariodechihuahua.mx/local/ofrecera-la-fem-disculpa-publica-por-caso-de-sonia-ivette-20210806-1827260.html},
  journal = {El Diario de Chihuahua}
}

@article{diariojuarez_protesta_2015,
  title = {Protesta madre de víctima de feminicidio en inauguración de comunitario},
  author = {Castro, Salvador},
  year = {2015},
  month = {Mar},
  day = {11},
  url = {https://diario.mx/Local/2015-03-11_e8af181b/protesta-madre-de-victima-de-feminicidio-en-inauguracion-de-comunitario/},
  journal = {Diario de Juárez}
}

@article{diariojuarez_sin_2021,
  title = {Sin justicia... y sin apoyo},
  author = {Diario de Juárez},
  year = {2021},
  month = {Jan},
  day = {25},
  url = {https://diario.mx/juarez/sin-justicia%E2%80%A6-y-sin-apoyo-20210125-1755268.html},
  journal = {Diario de Juárez}
}

@article{npr_argument_2019,
  title = {The Argument For and Against Publishing the Traumatic Photo from Mexican Border},
  author = {Bogle, Emily},
  year = {2019},
  month = {Jun},
  day = {26},
  url = {https://www.npr.org/sections/pictureshow/2019/06/26/736361547/the-argument-for-and-against-publishing-the-traumatic-photo-from-mexican-border},
  journal = {NPR}
}

@article{infobae_sombra_2021,
  title = {Una sombra de 28 años del feminicidio en México: De las muertas de Ciudad Juárez al monstruo de Ecatepec},
  author = {Baltazar, Elia},
  year = {2021},
  month = {Feb},
  day = {6},
  url = {https://www.infobae.com/america/mexico/2021/02/06/una-sombra-de-28-anos-del-feminicidio-en-mexico-de-las-muertas-de-ciudad-juarez-al-monstruo-de-ecatepec/},
  journal = {Infobae}
}
